<record><leader>00000cas a22000007a 4500</leader><controlfield tag="001">12925418</controlfield><controlfield tag="008">851217d18541864wiuwr ne      0    0eng d</controlfield><controlfield tag="009">3770</controlfield><datafield ind1=" " ind2=" " tag="010"><subfield code="a">sn 85041595 </subfield></datafield><datafield ind1=" " ind2=" " tag="040"><subfield code="a">NPV</subfield><subfield code="b">eng</subfield><subfield code="c">NPV</subfield><subfield code="d">DLC</subfield><subfield code="d">NPV</subfield></datafield><datafield ind1="1" ind2=" " tag="029"><subfield code="a">AU@</subfield><subfield code="b">000025816689</subfield></datafield><datafield ind1=" " ind2=" " tag="042"><subfield code="a">msc</subfield></datafield><datafield ind1="0" ind2="0" tag="050"><subfield code="a">Newspaper 10216-X</subfield></datafield><datafield ind1="0" ind2="4" tag="245"><subfield code="a">The Oshkosh courier.</subfield></datafield><datafield ind1="1" ind2="3" tag="246"><subfield code="a">Courier</subfield></datafield><datafield ind1=" " ind2=" " tag="260"><subfield code="a">Oshkosh, Winnebago County, Wis. :</subfield><subfield code="b">Read &amp; Nevitt,</subfield><subfield code="c">1854-1864.</subfield></datafield><datafield ind1=" " ind2=" " tag="300"><subfield code="a">10 v. :</subfield><subfield code="b">ill. (chiefly advertisements) ;</subfield><subfield code="c">64 cm.</subfield></datafield><datafield ind1=" " ind2=" " tag="310"><subfield code="a">Weekly</subfield></datafield><datafield ind1="0" ind2=" " tag="362"><subfield code="a">Vol. 3, no. 1 (May 31, 1854)-v. 12 [i.e. 13], no. 1 (Aug. 6, 1864).</subfield></datafield><datafield ind1=" " ind2=" " tag="500"><subfield code="a">Publisher varies.</subfield></datafield><datafield ind1=" " ind2=" " tag="515"><subfield code="a">Vol. for Oct. 31, 1862 called also whole no. 534.</subfield></datafield><datafield ind1=" " ind2=" " tag="580"><subfield code="a">Issued also in a daily edition: Daily courier, May 31,1854-&lt;June 16, 1857&gt;.</subfield></datafield><datafield ind1=" " ind2=" " tag="752"><subfield code="a">United States</subfield><subfield code="b">Wisconsin</subfield><subfield code="c">Winnebago</subfield><subfield code="d">Oshkosh.</subfield></datafield><datafield ind1="1" ind2=" " tag="775"><subfield code="t">Daily courier (Oshkosh, Wis.)</subfield><subfield code="w">(DLC)sn 85040974</subfield></datafield><datafield ind1="0" ind2="0" tag="780"><subfield code="t">Oshkosh weekly courier</subfield><subfield code="w">(DLC)sn 85041596</subfield></datafield><datafield ind1="0" ind2="4" tag="785"><subfield code="t">Northwestern (Oshkosh, Wis. : 1860)</subfield><subfield code="w">(DLC)sn 85041590</subfield></datafield></record>